@misc{Java,
title = { Informations techniques JTips\protect\\},
howpublished = {\url{https://www.jtips.info}}
}

@misc{LaTeX,
title = { wikimiscs LaTeX\protect\\},
howpublished = {\url{https://fr.wikimiscs.org/wiki/LaTeX}}
}

@misc{Wikipédia,
title = { Wikipédia\protect\\},
howpublished = {\url{https://fr.wikipedia.org/wiki}}
}

@misc{GitHub,
title = {Github cnanney\protect\\},
howpublished = {\url{https://github.com/cnanney/css-flip-counter}}
}

@misc{AIFE,
title = { Presentation AIFE\protect\\},
howpublished = {\url{http://www.economie.gouv.fr/aife/presentation-aife}}
}

@misc{SopraSteria,
title = { Sopra Stéria en bref\protect\\},
howpublished = {\url{http://www.soprasteria.com/fr/groupe/sopra-steria-en-bref}}
}

@misc{HarveyMuddCollege,
title = { Documentation d'Harvey Mudd College\protect\\},
howpublished = {\url{https://mirror.hmc.edu/}}
}

@misc{Maven,
title = { Documentation maven\protect\\},
howpublished = {\url{https://maven.apache.org/}}
}

@misc{Eclipse,
title = { Documentation Eclipse\protect\\},
howpublished = {\url{https://eclipse.org/}}
}

@misc{SonarQube,
title = { Documentation SonarQube\protect\\},
howpublished = {\url{http://www.sonarqube.org/}}
}

@misc{Jenkins,
title = { Documentation Jenkins\protect\\},
howpublished = {\url{https://jenkins.io/}}
}

@misc{TEX,
title = {Forum LaTeX\protect\\},
howpublished = {\url{https://tex.stackexchange.com}}
}